

@Article{Murrell2015GridGraphics,
 author = {Paul Murrell},
 title = {The {gridGraphics} package},
journal = {The R Journal},
year = 2015,
volume = 7,
number = 1,
pages = {151-162},
month = Jun,
  url          = {http://journal.r-project.org/archive/2015-1/murrell.pdf}
}

@Article{MurrellPotter2014,
 author = {Paul Murrell and Simon Potter},
 title = {The {gridSVG} package},
journal = {The R Journal},
year = 2014,
volume = 6,
number = 1,
pages = {133--143},
month = Jun,
url = {http://journal.r-project.org/archive/2014-1/RJournal_2014-1_murrell-potter.pdf}
}

@Article{Fox2005-RCommander,
 title = {The {R} {C}ommander: A Basic Statistics Graphical User Interface to {R}},
 author = {John Fox},
 year = {2005},
 journal = {Journal of Statistical Software},
 volume = {14},
 number = {9},
 pages = {1-42},
 url = {http://www.jstatsoft.org/v14/i09}
 }

@article{Fellows2012Deducer,
 author ={Ian Fellows},
 title ={Deducer: A Data Analysis {GUI} for {R}},
 journal ={Journal of Statistical Software},
 volume =49,
 number =8,
 pages ={1-15},
 year = 2012,
 URL = {http://www.jstatsoft.org/v49/i08}
}


@inproceedings{GardnerBulatov2010SVG,
title={Highly Accessible Scientific Graphical Information through DAISY SVG}, 
author={John Gardner and Vladimir Bulatov},
booktitle= {Proceedings of the 2010 SVGOpen Conference, Paris, France}, 
month=Aug,
year=2010,
 url={http://www.svgopen.org/2010/papers/56-Highly_Accessible_Scientific_Graphical_Information_through_DAISY_SVG/index.html}
} 

@inproceedings{BulatovGardner2004SVG,
title={Making Graphics Accessible}, 
author={Vladimir Bulatov and John A. Gardner}, 
booktitle={SVG Open Conference}, 
address={Tokyo}, 
note={September 7-10}, 
year=2004, 
url={http://www.svgopen.com/2004/papers/SVGOpen2004MakingGraphicsAccessible/}
}


@article{Leisch:2003,
author= {Friedrich Leisch},
title = {Sweave, Part {II}: Package Vignettes},
 journal = {R News},
 year = 2003,
 volume = 3,
 number = 2,
 pages = {21--24},
 month = {October},
 url = {http://CRAN.R-project.org/doc/Rnews/}
}


@inproceedings{Leisch2002,
 author = {Friedrich Leisch},
 title = {Sweave: Dynamic Generation of Statistical Reports Using
     Literate Data Analysis},
 booktitle = {Compstat 2002 --- Proceedings in Computational Statistics},
 pages = {575--580},
 year = 2002,
 editor = {Wolfgang Hardle and Bernd Ronz},
 publisher = {Physica Verlag, Heidelberg},
 note = {ISBN 3-7908-1517-9},
 url = {http://www.stat.uni-muenchen.de/~leisch/Sweave}
}

@article{RoedigerEtAl2012RKWard,
 author ={Stefan Rodiger and Thomas Friedrichsmeier and Prasenjit Kapat and Meik Michalke},
title ={{RKWard}: A Comprehensive Graphical User Interface and Integrated Development Environment for Statistical Analysis with {R}},
journal ={Journal of Statistical Software},
 volume =49,
 number =9,
 pages ={1-34},
 year = 2012,
 URL = {http://www.jstatsoft.org/v49/i09}
}


