@article{Wickham2014Tidy,
  title =        {Tidy data},
  volume =       {14},
  ISSN =         {1548-7660},
  number =       {5},
  journal =      {The Journal of Statistical Software},
  author =       {Wickham, Hadley},
  year =         {2014}
}

