@book{Wickham2009ggplot2,
  title = {{ggplot2:} Elegant graphics for data analysis},
author={Hadley Wickham},
year={2009},
publisher={Springer},
address={New York},
isbn={978-0-387-98140-6}
}

@Book{xie2015,
  title = {Dynamic Documents with {R} and knitr},
  author = {Yihui Xie},
  publisher = {Chapman and Hall/CRC},
  address = {Boca Raton, Florida},
  year = {2015},
  edition = {2nd},
  note = {ISBN 978-1498716963},
  url = {http://yihui.name/knitr/},
}


@book{grolemund_r_2016,
  title =        {R for {{Data Science}}},
  isbn =         {978-1-4919-1039-9},
  pagetotal =    {250},
  publisher =    {{O'Reilly Media}},
  author =       {Grolemund, G. and Wickham, H.},
  year =         {2016}
}

@book{Wickham2014,
  title =        {Advanced R},
  author =       {Wickham, Hadley},
  year =         {2014},
  publisher =    {CRC Press}
}

@article{Wickham_2014,
  title =        {Tidy data},
  volume =       {14},
  ISSN =         {1548-7660},
  number =       {5},
  journal =      {The Journal of Statistical Software},
  author =       {Wickham, Hadley},
  year =         {2014}
}

@book{Wickham_2015,
  title =        {R Packages},
  ISBN =         {978-1-4919-1056-6},
  publisher =    {{O'Reilly Media}},
  author =       {Wickham, Hadley},
  year =         {2015},
  month =        {Mar}
}

@book{SBrownBook,
author={Becker, R. A. and Chambers, J. M.},
year=1984,
Title={S: An Interactive Environment for Data Analysis and Graphics},
address={Pacific Grove, California},
publisher={Wadsworth \& Brooks/Cole},
ISBN={053403313X}
}
@book{SBlueBook,
author={Becker, R. A. and Chambers, J. M. and Wilks, A. R.},
year=1988,
title={The New {S} Language: A Programming Environment for Data Analysis and Graphics},
address={Pacific Grove, California},
publisher={Wadsworth \& Brooks/Cole},
ISBN={053409192X}
}




@book{SVGStandard,
author={P. Dengler and D. Jackson and C. Lilley and J. Fujisawa and C. McCormack and E. Dahlstr\"{o}m and A. Grasso and J. Ferraiolo and D. Schepers and J. Watt},
title={Scalable vector graphics (SVG) 1.1},
edition={second},
publisher={W3C recommendation, W3C},
month=Aug,
year=2011,
url={http://www.w3.org/TR/2011/REC-SVG11-20110816/}
}
