@Manual{Rpkg-base,
  title = {R: A Language and Environment for Statistical Computing},
  author = {{R Core Team}},
  organization = {R Foundation for Statistical Computing},
  address = {Vienna, Austria},
  year = {2018},
  url = {https://www.R-project.org/},
}
@Manual{Rpkg-BrailleR,
  title = {BrailleR: Improved Access for Blind Users},
  author = {A. Jonathan R. Godfrey and Debra Warren and Paul Murrell and Timothy Bilton and Volker Sorge},
  year = {2019},
  note = {R package version 0.29.3},
  url = {https://CRAN.R-project.org/package=BrailleR},
}
@Manual{Rpkg-broom,
  title = {broom: Convert Statistical Analysis Objects into Tidy Tibbles},
  author = {David Robinson and Alex Hayes},
  year = {2018},
  note = {R package version 0.5.0},
  url = {https://CRAN.R-project.org/package=broom},
}
@Manual{Rpkg-dplyr,
  title = {dplyr: A Grammar of Data Manipulation},
  author = {Hadley Wickham and Romain François and Lionel Henry and Kirill Müller},
  year = {2018},
  note = {R package version 0.7.8},
  url = {https://CRAN.R-project.org/package=dplyr},
}
@Manual{Rpkg-forcats,
  title = {forcats: Tools for Working with Categorical Variables (Factors)},
  author = {Hadley Wickham},
  year = {2018},
  note = {R package version 0.3.0},
  url = {https://CRAN.R-project.org/package=forcats},
}
@Manual{Rpkg-ggplot2,
  title = {ggplot2: Create Elegant Data Visualisations Using the Grammar of Graphics},
  author = {Hadley Wickham and Winston Chang and Lionel Henry and Thomas Lin Pedersen and Kohske Takahashi and Claus Wilke and Kara Woo},
  year = {2018},
  note = {R package version 3.0.0},
  url = {https://CRAN.R-project.org/package=ggplot2},
}
@Manual{Rpkg-gridGraphics,
  title = {gridGraphics: Redraw Base Graphics Using 'grid' Graphics},
  author = {Paul Murrell and Zhijian Wen},
  year = {2018},
  note = {R package version 0.3-0},
  url = {https://CRAN.R-project.org/package=gridGraphics},
}
@Manual{Rpkg-gridSVG,
  title = {gridSVG: Export 'grid' Graphics as SVG},
  author = {Paul Murrell and Simon Potter},
  year = {2017},
  note = {R package version 1.6-0},
  url = {https://CRAN.R-project.org/package=gridSVG},
}
@Manual{Rpkg-knitr,
  title = {knitr: A General-Purpose Package for Dynamic Report Generation in R},
  author = {Yihui Xie},
  year = {2018},
  note = {R package version 1.21},
  url = {https://CRAN.R-project.org/package=knitr},
}
@Manual{Rpkg-lattice,
  title = {lattice: Trellis Graphics for R},
  author = {Deepayan Sarkar},
  year = {2017},
  note = {R package version 0.20-35},
  url = {https://CRAN.R-project.org/package=lattice},
}
@Manual{Rpkg-lubridate,
  title = {lubridate: Make Dealing with Dates a Little Easier},
  author = {Vitalie Spinu and Garrett Grolemund and Hadley Wickham},
  year = {2018},
  note = {R package version 1.7.4},
  url = {https://CRAN.R-project.org/package=lubridate},
}
@Manual{Rpkg-magrittr,
  title = {magrittr: A Forward-Pipe Operator for R},
  author = {Stefan Milton Bache and Hadley Wickham},
  year = {2014},
  note = {R package version 1.5},
  url = {https://CRAN.R-project.org/package=magrittr},
}
@Manual{Rpkg-moments,
  title = {moments: Moments, cumulants, skewness, kurtosis and related tests},
  author = {Lukasz Komsta and Frederick Novomestky},
  year = {2015},
  note = {R package version 0.14},
  url = {https://CRAN.R-project.org/package=moments},
}
@Manual{Rpkg-nortest,
  title = {nortest: Tests for Normality},
  author = {Juergen Gross and Uwe Ligges},
  year = {2015},
  note = {R package version 1.0-4},
  url = {https://CRAN.R-project.org/package=nortest},
}
@Manual{Rpkg-purrr,
  title = {purrr: Functional Programming Tools},
  author = {Lionel Henry and Hadley Wickham},
  year = {2018},
  note = {R package version 0.2.5},
  url = {https://CRAN.R-project.org/package=purrr},
}
@Manual{Rpkg-readr,
  title = {readr: Read Rectangular Text Data},
  author = {Hadley Wickham and Jim Hester and Romain Francois},
  year = {2017},
  note = {R package version 1.1.1},
  url = {https://CRAN.R-project.org/package=readr},
}
@Manual{Rpkg-rmarkdown,
  title = {rmarkdown: Dynamic Documents for R},
  author = {JJ Allaire and Yihui Xie and Jonathan McPherson and Javier Luraschi and Kevin Ushey and Aron Atkins and Hadley Wickham and Joe Cheng and Winston Chang},
  year = {2018},
  note = {R package version 1.10},
  url = {https://CRAN.R-project.org/package=rmarkdown},
}
@Manual{Rpkg-stringr,
  title = {stringr: Simple, Consistent Wrappers for Common String Operations},
  author = {Hadley Wickham},
  year = {2018},
  note = {R package version 1.3.1},
  url = {https://CRAN.R-project.org/package=stringr},
}
@Manual{Rpkg-TeachingDemos,
  title = {TeachingDemos: Demonstrations for Teaching and Learning},
  author = {Greg Snow},
  year = {2016},
  note = {R package version 2.10},
  url = {https://CRAN.R-project.org/package=TeachingDemos},
}
@Manual{Rpkg-tibble,
  title = {tibble: Simple Data Frames},
  author = {Kirill Müller and Hadley Wickham},
  year = {2018},
  note = {R package version 1.4.2},
  url = {https://CRAN.R-project.org/package=tibble},
}
@Manual{Rpkg-tidyr,
  title = {tidyr: Easily Tidy Data with 'spread()' and 'gather()' Functions},
  author = {Hadley Wickham and Lionel Henry},
  year = {2018},
  note = {R package version 0.8.1},
  url = {https://CRAN.R-project.org/package=tidyr},
}
@Manual{Rpkg-tidyverse,
  title = {tidyverse: Easily Install and Load the 'Tidyverse'},
  author = {Hadley Wickham},
  year = {2017},
  note = {R package version 1.2.1},
  url = {https://CRAN.R-project.org/package=tidyverse},
}
@Manual{Rpkg-xtable,
  title = {xtable: Export Tables to LaTeX or HTML},
  author = {David B. Dahl},
  year = {2016},
  note = {R package version 1.8-2},
  url = {https://CRAN.R-project.org/package=xtable},
}
