
@Manual{SPSS-Soft,
author={{SPSS Inc.}},
title={{IBM} {SPSS} Statistics~21},
year=2012,
organization={SPSS Inc.},
address={Chicago, IL},
url={http://www.spss.com/}
}


@Manual{Minitab-Express,
 author={{Minitab Inc.}},
 title={Minitab Express Statistical Software Version~},
 year=2014,
 organization={Minitab Inc.},
 address={State College, PA},
url={http://www.minitab.com/}
}

@Manual{Minitab-Soft,
 author={{Minitab Inc.}},
 title={{Minitab} Statistical Software Version~16.2.3},
 year=2012,
 organization={Minitab Inc.},
address={State College, PA},
url={http://www.minitab.com/}
}

@Manual{RStudio,
title = {{RStudio}: Integrated Development Environment for {R}, Version 1.1.453},
author = {RStudio},
organization = {RStudio},
address = {Boston, MA},
year=2018,
url = {http://www.rstudio.com/}
}

@Manual{SAS-Soft,
 author = {{SAS Institute Inc.}},
 title = {{SAS/STAT} Software, Version~9.3},
 year = 2010,
 organization = {{SAS} Institute Inc.},
 address = {Cary, NC},
url = {http://www.sas.com/}
}

@Manual{SPLUS-Soft,
 author	= {{Insightful Corp.}},
 title		= {{S-PLUS} Version~6.2},
 year=2003,
 address	= {Seattle, WA},
 url		= {http://www.insightful.com/}
}

@Manual{JAWS,
 title =  {{JAWS} Version~2018.1805.33},
 author = {{Freedom Scientific}},
 organization = {Freedom Scientific},
 address = {St. Petersburg, FL},
 year = 2018,
 url = {http://www.freedomscientific.com/}
}

@Manual{NVDA,
 title =  {{NVDA} Version~2018.1.1},
 author = {{{NVDA} Team}},
 year = 2018,
 url = {http://www.nvaccess.org/}
}


